<record><leader>00000cas a22000007a 4500</leader><controlfield tag="001">17375417</controlfield><controlfield tag="008">880122d19331934msuwr ne      0    0eng d</controlfield><datafield ind1=" " ind2=" " tag="010"><subfield code="a">sn 88067102 </subfield></datafield><datafield ind1=" " ind2=" " tag="040"><subfield code="a">MFM</subfield><subfield code="b">eng</subfield><subfield code="c">MFM</subfield><subfield code="d">MSJ</subfield><subfield code="d">OCL</subfield><subfield code="d">OCLCQ</subfield></datafield><datafield ind1=" " ind2=" " tag="042"><subfield code="a">msc</subfield></datafield><datafield ind1="0" ind2="4" tag="245"><subfield code="a">The East Mississippi star.</subfield></datafield><datafield ind1=" " ind2=" " tag="260"><subfield code="a">Starkville, Miss. :</subfield><subfield code="b">W.E. Martin,</subfield><subfield code="c">-1934.</subfield></datafield><datafield ind1=" " ind2=" " tag="310"><subfield code="a">Weekly</subfield></datafield><datafield ind1="1" ind2=" " tag="362"><subfield code="a">Began in 1933.</subfield></datafield><datafield ind1="0" ind2=" " tag="362"><subfield code="a">-v. 1, no. 46 (May 4, 1934).</subfield></datafield><datafield ind1=" " ind2=" " tag="588"><subfield code="a">Description based on: Vol. 1, no. 3 (July 14, 1933).</subfield></datafield><datafield ind1=" " ind2=" " tag="752"><subfield code="a">United States</subfield><subfield code="b">Mississippi</subfield><subfield code="c">Oktibbeha</subfield><subfield code="d">Starkville.</subfield></datafield><datafield ind1="0" ind2="0" tag="785"><subfield code="t">Weekly star (Starkville, Miss.)</subfield><subfield code="w">(OCoLC)16308539</subfield></datafield></record>